@article{Birkedal:11,
  author    = {Lars Birkedal and
               Rasmus Ejlers M{\o}gelberg and
               Jan Schwinghammer and
               Kristian St{\o}vring},
  title     = {First steps in synthetic guarded domain theory: step-indexing in the
               topos of trees},
  journal   = {Logical Methods in Computer Science},
  year      = {2012},
}

@book{Lambek:88,
  title={Introduction to Higher-Order Categorical Logic},
  author={Lambek, Joachim and Scott, Philip J.},
  series={Cambridge Studies in Advanced Mathematics},
  year={1988},
  publisher={Cambridge University Press}
}
